@online{resolucao-onu,
  author = {United Nations},
  title = {68/221. International Year of Light and Light-based Technologies, 2015},
  year = 2014,
  url = {http://www.light2015.org/dam/About/Resources/Resolution/Resolution_EN.pdf},
  urldate = {2017-02-18}
}

@online{eventos-unesco,
  author = {UNESCO},
  title = {International Year of Light},
  year = 2015,
  url = {http://www.light2015.org/Home/Event-Programme.html},
  urldate = {2017-02-18}
}

@online{arduinocc,
  title = {Arduino},
  url = {https://www.arduino.cc/},
  urldate = {2017-02-18}
}

@mastersthesis{wiring-tese,
  author       = {Hernando Barrag√°n}, 
  title        = {Wiring: Prototyping Physical Interaction Design},
  school       = {Interaction Design Institute Ivrea},
  year         = 2004,
  month        = 6,
  note         = {}
}
